@inproceedings{Calder:2015,
    author = {Calder, Matt and Flavel, Ashley and Katz-Bassett, Ethan and Mahajan, Ratul and Padhye, Jitendra},
    title = {{Analyzing the Performance of an Anycast CDN}},
    booktitle = {ACM Internet Measurement Conference (IMC)},
    year = {2015},
} 

@inproceedings{fan2013,
    title = {{Evaluating Anycast in the Domain Name System}},
    author = {Fan, Xun and Heidemann, John and Govindan, Ramesh},
    booktitle = {IEEE INFOCOM},
    year = {2013},
}

@inproceedings{moura2016anycast,
    title= {{Anycast vs. DDoS: Evaluating the November 2015 root DNS event}},
    author={Moura, Giovane and Schmidt, Ricardo de O and Heidemann, John and de Vries, Wouter B and Muller, Moritz and Wei, Lan and Hesselman, Cristian},
    booktitle={ACM Internet Measurement Conference (IMC)},
    year={2016},
}

@inproceedings{de2017anycast,
  title={{Anycast Latency: How Many Sites Are Enough?}},
  author={de Oliveira Schmidt, Ricardo and Heidemann, John and Kuipers, Jan Harm},
  booktitle={Passive and Active Network Measurement (PAM)},
  year={2017},
}

@inproceedings{cicalese2015characterizing,
  title={{Characterizing IPv4 Anycast Adoption and Deployment}},
  author={Cicalese, Danilo and Aug{\'e}, Jordan and Joumblatt, Diana and Friedman, Timur and Rossi, D},
  booktitle={ACM Conference on emerging Networking EXperiments and Technologies (CoNEXT)},
  year={2015}
}

@misc{rekhter2005border,
  title={{A Border Gateway Protocol 4 (BGP-4)}},
  author={Rekhter, Yakov and Li, Tony and Hares, Susan},
  howpublished={RFC 4271},
  year={2006}
}

@misc{abley2006operation,
  title={{Operation of Anycast Services}},
  author={Abley, Joe and Lindqvist, Kurt Erik},
    howpublished={RFC 4786},
  year={2006}
}

@inproceedings{castro2014remote,
  title={{Remote Peering: More Peering without Internet Flattening}},
  author={Castro, Ignacio and Cardona, Juan Camilo and Gorinsky, Sergey and Francois, Pierre},
  booktitle={ACM Conference on emerging Networking EXperiments and Technologies (CoNEXT)},
  year={2014},
}

@misc{DarioAnycastData,
	author = {{Anycast Enumeration and Geolocation Dataset}},
	howpublished = {\url{https://anycast.telecom-paristech.fr/dataset/}},
	year={2015-2017}
}

@inproceedings{orsini2016bgpstream,
  title={{BGPStream: a Software Framework for Live and Historical BGP Data Analysis}},
  author={Orsini, Chiara and King, Alistair and Giordano, Danilo and Giotsas, Vasileios and Dainotti, Alberto},
  booktitle={ACM Internet Measurement Conference (IMC)},
  year={2016},
}

@inproceedings{cicalese2015fistful,
  title={{A Fistful of Pings: Accurate and Lightweight Anycast Enumeration and Geolocation}},
  author={Cicalese, Danilo and Joumblatt, Diana and Rossi, Dario and Buob, Marc-Olivier and Aug{\'e}, Jordan and Friedman, Timur},
  booktitle={IEEE INFOCOM},
  year={2015},
}

@article{madory2013anycasters,
  title={{Who Are the Anycasters}},
  author={Madory, Doug and Cook, Chris and Miao, Kevin},
  journal={NANOG59},
  year={2013}
}

@inproceedings{li2018internet,
  title={{Internet Anycast: Performance, Problems, \& Potential}},
  author={Li, Zhihao and Levin, Dave and Spring, Neil and Bhattacharjee, Bobby},
  booktitle={ACM SIGCOMM},
  year={2018},
}

@article{cicalese2018longitudinal,
  title={{A Longitudinal Study of IP Anycast}},
  author={Cicalese, Danilo and Rossi, Dario},
  journal={ACM SIGCOMM Computer Communication Review},
  volume={48(1)},
  year={2018},
}

@inproceedings{giordano2016first,
  title={{A First Characterization of Anycast Traffic from Passive Traces}},
  author={Giordano, Danilo and Cicalese, Danilo and Finamore, Alessandro and Mellia, Marco and Munaf{\`o}, Maurizio and Joumblatt, Diana Zeaiter and Rossi, Dario},
  booktitle={Network Traffic Measurement and Analysis Conference (TMA)},
  year={2016}
}

@inproceedings{wei2018does,
  title={{Does Anycast Hang up on You?}},
  author={Wei, Lan and Heidemann, John},
  booktitle={Network Traffic Measurement and Analysis Conference (TMA)},
  year={2017},
}

@inproceedings{Nomikos18,
title = {{O Peer, Where Art Thou?: Uncovering Remote Peering Interconnections at IXPs}},
author = {Georgios Nomikos and Vasileios Kotronis and Pavlos Sermpezis and Petros Gigis and Lefteris Manassakis and Christoph Dietzel and Stavros Konstantaras and Xenofontas Dimitropoulos and Vasileios Giotsas},
booktitle = {ACM Internet Measurement Conference (IMC)},
year = {2018}
}

@inproceedings{deVries:2017,
 author = {de Vries, Wouter B. and de O. Schmidt, Ricardo and Hardaker, Wes and Heidemann, John and de Boer, Pieter-Tjerk and Pras, Aiko},
 title = {{Broad and Load-aware Anycast Mapping with Verfploeter}},
 booktitle = {ACM Internet Measurement Conference (IMC)},
 year = {2017},
} 

@article{weber2004survey,
  title={{A Survey of Anycast in IPv6 Networks}},
  author={Weber, Scott and Cheng, Liang},
  journal={IEEE Communications Magazine},
  volume={42},
  number={1},
  year={2004},
}

@inproceedings{hao2018,
  title={{End-Users Get Maneuvered: Empirical Analysis of Redirection Hijacking in Content Delivery Networks}},
  author={Hao, Shuai and Zhang, Yubao and Wang, Haining and Stavrou, Angelos},
  booktitle={USENIX Security Symposium},
  year={2018}
}

@inproceedings{traixroute:pam,
  title={{traIXroute: Detecting IXPs in traceroute paths}},
  author={Nomikos, George and Dimitropoulos, Xenofontas},
  booktitle={Passive and Active Network Measurement (PAM)},
  year={2016}
}

@inproceedings{pam02,
 author = {C. J. Bovy, H. T. Metrodimedjo, G. Hooghiemstra, H. Uijterwaal, and P. Van Mieghem},
 title = {Analysis of End-to-end Delay Measurements in Internet},
 booktitle = {Passive and Active Network Measurement (PAM)},
 year = {2002},
} 

@article{Zhang:2005,
 author = {Zhang, Hui and Goel, Ashish and Govindan, Ramesh},
 title = {An Empirical Evaluation of Internet Latency Expansion},
 journal = {ACM SIGCOMM Computer Communication Review},
 volume = {35},
 number = {1},
 month = jan,
 year = {2005},
} 

@misc{Routeviews,
	author = {{Route Views Project}},
	howpublished = {\url{http://www.routeviews.org/}}
}

@misc{RIPE_RIS,
	author = {{RIPE RIS}},
	howpublished = {\url{https://www.ripe.net/analyse/internet-measurements/routing-information-service-ris}}
}

@misc{RootDNS,
	author = {{Root DNS Servers}},
	howpublished = {\url{http://www.root-servers.org/}}
}

@misc{Scikit-learn,
	author = {{Scikit-Learn: Machine Learning Library for the Python}},
	howpublished = {\url{http://scikit-learn.org/}}
}

@misc{RPJedi,
	author = {Remote {IXP P}eering {O}bservatory},
	howpublished = {\url{http://remote-ixp-peering.net/}},
	year={2018}
}

@misc{RIPE_Atlas,
	author = {{RIPE Atlas}},
	howpublished = {\url{https://atlas.ripe.net}}
}

@misc{RIPE_GEO,
	author = {{RIPE Geoloc}},
	howpublished = {\url{https://stat.ripe.net/widget/geoloc}}
}

@misc{as-rel,
       author = {{CAIDA AS Relationships Dataset}},
       howpublished = {\url{http://www.caida.org/data/as-relationships/}},
       year = {2018},
}

@misc{UMD_anycast,
       author = {{DNS Root Sever Anycast Trace Data. University of Maryland}},
       howpublished = {\url{http://www.cs.umd.edu/projects/droot/anycast-data.tar.gz}},
       year={2018}
}

@misc{MaxMind,
	author = {{MaxMind's GeoLite City Dataset}},
	howpublished = {\url{https://dev.maxmind.com/geoip/geoip2/geolite2/}},
	year = {2018},
}

@misc{traixroute,
	author = {{traIXroute}},
	howpublished = {\url{https://github.com/gnomikos/traIXroute}},
	year = {2018},
}

@misc{ccr_anycast,
	howpublished = {\url{https://github.com/bianrui0315/ccr_Anycast}},
	year = {2019},
}

